@article{allcott_gentzkow_2017,
  title={Social Media and Fake News in the 2016 Election},
  DOI={10.3386/w23089},
  author={Allcott, Hunt and Gentzkow, Matthew},
  year={2017}
}

@article{horne_2017,
  author    = {Benjamin D. Horne and
               Sibel Adali},
  title     = {This Just In: Fake News Packs a Lot in Title, Uses Simpler, Repetitive
               Content in Text Body, More Similar to Satire than Real News},
  journal   = {CoRR},
  volume    = {abs/1703.09398},
  year      = {2017},
  url       = {http://arxiv.org/abs/1703.09398},
  archivePrefix = {arXiv},
  eprint    = {1703.09398},
  timestamp = {Mon, 13 Aug 2018 16:45:58 +0200},
  biburl    = {https://dblp.org/rec/bib/journals/corr/HorneA17},
  bibsource = {dblp computer science bibliography, https://dblp.org}
}

@misc{ szpakowski_2019,
  title={several27/FakeNewsCorpus},
  url={https://github.com/several27/FakeNewsCorpus},
  journal={Fake News Corpus},
  author={ Szpakowski, Maciej},
  year={2019},
  month={Mar}
}

@book{cielen_meysman_mohamed_2016, place={Shelter Island, NY}, title={Introducing data science: big data, machine learning, and more, using Python tools}, publisher={Manning}, author={Cielen, Davy and Meysman, Arno and Mohamed, Ali}, year={2016}}

@misc{richard_2018, title={Why Choosing Python For Data Science Is An Important Move}, url={https://www.smartdatacollective.com/why-choosing-python-for-data-science-important-move/}, journal={SmartData Collective}, author={Richard}, year={2018}, month={Aug}}